<collection xmlns="http://www.loc.gov/MARC21/slim">
<record>
  <leader>01246nam0a22002771i 450 </leader>
  <controlfield tag="001">IT\ICCU\CNCE\066283</controlfield>
  <controlfield tag="005">20060928000000.0</controlfield>
  <datafield tag="012" ind1=" " ind2=" ">
    <subfield code="a">ussa dite rio- uore (3) 1588 (A)</subfield>
    <subfield code="2">fei</subfield>
  </datafield>
  <datafield tag="100" ind1=" " ind2=" ">
    <subfield code="a">20060828d1588        0itac0103    ba</subfield>
  </datafield>
  <datafield tag="101" ind1=" " ind2=" ">
    <subfield code="a">LAT</subfield>
  </datafield>
  <datafield tag="102" ind1=" " ind2=" ">
    <subfield code="a">IT</subfield>
  </datafield>
  <datafield tag="200" ind1="1" ind2=" ">
    <subfield code="a">Meditationes quindecim vitae &amp; passionis seruatoris nostri Iesu Christi. Ioanne Lanspergio Carthusiano auctore ...</subfield>
  </datafield>
  <datafield tag="210" ind1=" " ind2=" ">
    <subfield code="a">Romae</subfield>
    <subfield code="c">apud Iacobum Ruffinellum</subfield>
    <subfield code="d">1588</subfield>
  </datafield>
  <datafield tag="215" ind1=" " ind2=" ">
    <subfield code="a">48 p.</subfield>
    <subfield code="c">ill.</subfield>
    <subfield code="d">16ʻ</subfield>
  </datafield>
  <datafield tag="620" ind1=" " ind2=" ">
    <subfield code="a">IT</subfield>
    <subfield code="d">Roma</subfield>
  </datafield>
  <datafield tag="700" ind1=" " ind2="1">
    <subfield code="a">Landsberg,</subfield>
    <subfield code="b">Johann</subfield>
    <subfield code="3">IT\ICCU\CNCA\007212</subfield>
  </datafield>
  <datafield tag="712" ind1="0" ind2="0">
    <subfield code="a">Ruffinelli, Giacomo</subfield>
    <subfield code="3">IT\ICCU\CNCT\000138</subfield>
    <subfield code="4">650</subfield>
  </datafield>
  <datafield tag="790" ind1=" " ind2="1">
    <subfield code="a">Lanspergius,</subfield>
    <subfield code="b">Ioannes Iustus</subfield>
    <subfield code="3">IT\ICCU\CNCA\016052</subfield>
    <subfield code="z">Landsberg, Johann</subfield>
  </datafield>
  <datafield tag="790" ind1=" " ind2="1">
    <subfield code="a">Justus,</subfield>
    <subfield code="b">Johannes</subfield>
    <subfield code="3">IT\ICCU\CNCA\016053</subfield>
    <subfield code="z">Landsberg, Johann</subfield>
  </datafield>
  <datafield tag="790" ind1=" " ind2="1">
    <subfield code="a">Landsperger,</subfield>
    <subfield code="b">Johann</subfield>
    <subfield code="3">IT\ICCU\CNCA\016054</subfield>
    <subfield code="z">Landsberg, Johann</subfield>
  </datafield>
  <datafield tag="790" ind1=" " ind2="0">
    <subfield code="a">Jean</subfield>
    <subfield code="c"> : de#Landsberg</subfield>
    <subfield code="3">IT\ICCU\CNCA\020266</subfield>
    <subfield code="z">Landsberg, Johann</subfield>
  </datafield>
  <datafield tag="791" ind1="0" ind2="0">
    <subfield code="a">Roffinello, Giacomo</subfield>
    <subfield code="3">IT\ICCU\CNCT\002579</subfield>
    <subfield code="z">Ruffinelli, Giacomo</subfield>
  </datafield>
  <datafield tag="791" ind1="0" ind2="0">
    <subfield code="a">Ruffinello, Giacomo</subfield>
    <subfield code="3">IT\ICCU\CNCT\005430</subfield>
    <subfield code="z">Ruffinelli, Giacomo</subfield>
  </datafield>
  <datafield tag="791" ind1="0" ind2="0">
    <subfield code="a">Ruffinellus, Iacobus</subfield>
    <subfield code="3">IT\ICCU\CNCT\005433</subfield>
    <subfield code="z">Ruffinelli, Giacomo</subfield>
  </datafield>
  <datafield tag="801" ind1=" " ind2="3">
    <subfield code="a">IT</subfield>
    <subfield code="b">ICCU</subfield>
    <subfield code="c">20201115</subfield>
  </datafield>
  <datafield tag="899" ind1=" " ind2=" ">
    <subfield code="a">Biblioteca nazionale centrale. Roma</subfield>
    <subfield code="1">RM0267</subfield>
    <subfield code="2">BVE CR</subfield>
  </datafield>
</record>
</collection>
